@book{knut86,
    author    = {Knuth, Donald E.},
    title     = {The TeXbook},
    publisher = {Addison-Wesley},
    date      = {1986},
}
